<record><leader>00000cas a22000007a 4500</leader><controlfield tag="001">13287779</controlfield><controlfield tag="008">860312d19041908aludn ne      0    0eng d</controlfield><datafield ind1=" " ind2=" " tag="010"><subfield code="a">sn 86050094 </subfield></datafield><datafield ind1=" " ind2=" " tag="040"><subfield code="a">AAR</subfield><subfield code="b">eng</subfield><subfield code="c">AAR</subfield><subfield code="d">CPN</subfield><subfield code="d">OCLCQ</subfield></datafield><datafield ind1=" " ind2=" " tag="042"><subfield code="a">msc</subfield></datafield><datafield ind1="0" ind2="4" tag="245"><subfield code="a">The Morning mercury.</subfield></datafield><datafield ind1="1" ind2="7" tag="246"><subfield code="a">Daily mercury</subfield></datafield><datafield ind1=" " ind2=" " tag="260"><subfield code="a">Huntsville, Ala. :</subfield><subfield code="b">Mercury Pub. Co.</subfield></datafield><datafield ind1=" " ind2=" " tag="300"><subfield code="a">v.</subfield></datafield><datafield ind1=" " ind2=" " tag="310"><subfield code="a">Daily (except Sun.)</subfield></datafield><datafield ind1="0" ind2=" " tag="362"><subfield code="a">-v. 24 (Nov. 21, 1908).</subfield></datafield><datafield ind1="1" ind2=" " tag="362"><subfield code="a">Began in June 1904.</subfield></datafield><datafield ind1=" " ind2=" " tag="515"><subfield code="a">Numbering is irregular.</subfield></datafield><datafield ind1=" " ind2=" " tag="588"><subfield code="a">Description based on: Vol. 19 (June 3, 1904).</subfield></datafield><datafield ind1=" " ind2=" " tag="752"><subfield code="a">United States</subfield><subfield code="b">Alabama</subfield><subfield code="c">Madison</subfield><subfield code="d">Huntsville.</subfield></datafield><datafield ind1="0" ind2=" " tag="775"><subfield code="t">Weekly mercury (Huntsville, Ala.)</subfield><subfield code="w">(DLC)sn 87050029</subfield></datafield><datafield ind1="0" ind2="0" tag="780"><subfield code="t">Daily mercury (Huntsville, Ala.)</subfield><subfield code="w">(DLC)sn 87050030</subfield></datafield><datafield ind1="0" ind2="7" tag="785"><subfield code="t">Evening banner (Huntsville, Ala.)</subfield><subfield code="w">(DLC)sn 87050031</subfield></datafield><datafield ind1="0" ind2="7" tag="785"><subfield code="t">Mercury banner</subfield><subfield code="w">(DLC)sn 87050032</subfield></datafield><datafield ind1="1" ind2=" " tag="029"><subfield code="a">AU@</subfield><subfield code="b">000025838421</subfield></datafield></record>